@article{popek_1,
 author = {Popek, Gerald J. and Goldberg, Robert P.},
 title = {Formal Requirements for Virtualizable Third Generation Architectures},
 journal = {Commun. ACM},
 issue_date = {July 1974},
 volume = {17},
 number = {7},
 month = jul,
 year = {1974},
 issn = {0001-0782},
 pages = {412--421},
 numpages = {10},
 url = {http://doi.acm.org/10.1145/361011.361073},
 doi = {10.1145/361011.361073},
 acmid = {361073},
 publisher = {ACM},
 address = {New York, NY, USA},
 keywords = {abstract model, formal requirements, hypervisor, operating system, proof, sensitive instruction, third generation architecture, virtual machine, virtual machine monitor, virtual memory},
}

@inproceedings{Robin:2000:AIP:1251306.1251316,
 author = {Robin, John Scott and Irvine, Cynthia E.},
 title = {Analysis of the Intel Pentium's Ability to Support a Secure Virtual Machine Monitor},
 booktitle = {Proceedings of the 9th Conference on USENIX Security Symposium - Volume 9},
 series = {SSYM'00},
 year = {2000},
 location = {Denver, Colorado},
 pages = {10--10},
 numpages = {1},
 url = {http://dl.acm.org/citation.cfm?id=1251306.1251316},
 acmid = {1251316},
 publisher = {USENIX Association},
 address = {Berkeley, CA, USA},
} 

@inproceedings{Barham:2003:XAV:945445.945462,
 author = {Barham, Paul and Dragovic, Boris and Fraser, Keir and Hand, Steven and Harris, Tim and Ho, Alex and Neugebauer, Rolf and Pratt, Ian and Warfield, Andrew},
 title = {Xen and the Art of Virtualization},
 booktitle = {Proceedings of the Nineteenth ACM Symposium on Operating Systems Principles},
 series = {SOSP '03},
 year = {2003},
 isbn = {1-58113-757-5},
 location = {Bolton Landing, NY, USA},
 pages = {164--177},
 numpages = {14},
 url = {http://doi.acm.org/10.1145/945445.945462},
 doi = {10.1145/945445.945462},
 acmid = {945462},
 publisher = {ACM},
 address = {New York, NY, USA},
 keywords = {hypervisors, paravirtualization, virtual machine monitors},
}

